<?xml version="1.0" encoding="UTF-8"?><collection><record><leader>06101ntm a2200553 a 4500</leader><controlfield tag="001">006834336</controlfield><controlfield tag="003">MiAaHDL</controlfield><controlfield tag="005">20190719000000.0</controlfield><controlfield tag="006">m        d        </controlfield><controlfield tag="007">cr bn ---auaua</controlfield><controlfield tag="008">090706s1846    xx            00| ||ara d</controlfield><datafield tag="035" ind1=" " ind2=" "><subfield code="a">(MiU)006834336</subfield></datafield><datafield tag="035" ind1=" " ind2=" "><subfield code="a">sdr-miu006834336</subfield></datafield><datafield tag="040" ind1=" " ind2=" "><subfield code="a">MiU</subfield><subfield code="c">MiU</subfield><subfield code="e">amremm</subfield></datafield><datafield tag="043" ind1=" " ind2=" "><subfield code="a">n-us-mi</subfield></datafield><datafield tag="100" ind1="1" ind2=" "><subfield code="6">880-01</subfield><subfield code="a">ʻAjlūnī, Ismāʻīl ibn Muḥammad,</subfield><subfield code="d">1676 or 1677-1748 or 1749.</subfield></datafield><datafield tag="240" ind1="1" ind2="0"><subfield code="6">880-02</subfield><subfield code="a">ʻIqd al-jawhar al-thamīn fī arbaʻīn ḥadīthan min aḥādīth Sayyid al-Mursalīn</subfield></datafield><datafield tag="245" ind1="1" ind2="0"><subfield code="6">880-03</subfield><subfield code="a">Hādhihi Risālah mushtamilah ʻalá arbaʻīn ḥadīthan min arbaʻīn kitāban min kutub al-ḥadīth min kull kitāb ḥadīth wāḥid,</subfield><subfield code="f">[1262, i.e. 1846].</subfield></datafield><datafield tag="246" ind1="3" ind2=" "><subfield code="i">Title in Īḍāḥ al-maknūn:</subfield><subfield code="a">الاربعون للعجلوني</subfield></datafield><datafield tag="260" ind1=" " ind2=" "><subfield code="c">[1846].</subfield></datafield><datafield tag="300" ind1=" " ind2=" "><subfield code="a">6 leaves :</subfield><subfield code="b">paper ;</subfield><subfield code="c">222 x 163 (170 x 105) mm.</subfield></datafield><datafield tag="500" ind1=" " ind2=" "><subfield code="a">Shelfmark: Ann Arbor, University of Michigan, Special Collections Library, Isl. Ms. 1039</subfield></datafield><datafield tag="500" ind1=" " ind2=" "><subfield code="a">Origin: As appears in colophon on p.12, copied by Salīm sibṭ al-Shaykh ʻAbd al-Raḥmān al-Ṭībī [al-Ṭayyibī] with transcription completed 1 Ramaḍān 1262 [August 1846]. In a transmission / ascription statement accompanying the colophon on p.12, the copyist indicates that he transmits this work having received it by authoritative transmission from his grandfather (al-Shaykh ʻAbd al-Raḥmān al-Ṭībī [al-Ṭayyibī]) who received it from Aḥmad al-ʻAṭṭār who received it from the author himself.</subfield></datafield><datafield tag="500" ind1=" " ind2=" "><subfield code="a">Former shelfmark: Mich. Isl. Ms. temp. no. 188</subfield></datafield><datafield tag="500" ind1=" " ind2=" "><subfield code="a">Binding: Stiff brown paper cover (single sheet, limp binding without boards) ; sewn in yellow thread, four stations (through the paper cover) ; cover in fair condition with minor creasing, staining, tears, etc. ; housed in sturdy envelope for protection.</subfield></datafield><datafield tag="500" ind1=" " ind2=" "><subfield code="a">Support: European laid paper with 8 laid lines per cm. (vertical), chain lines spaced 26 mm. apart (horizontal), and "G" and "M" watermarks / countermarks visible (see p.8, 10, 12), dense and sturdy, dark cream in color, burnished ; pieces of wove paper have been applied to the 'title page' (p.1), possibly by the copyist.</subfield></datafield><datafield tag="500" ind1=" " ind2=" "><subfield code="a">Decoration: Keywords, section headings and notabilia rubricated.</subfield></datafield><datafield tag="500" ind1=" " ind2=" "><subfield code="a">Script: Naskh ; clear 'Syrian' [?] hand in a medium line ; serifless and rounded with many closed counters, descenders curvilinear but rāʼ, zay, etc. somewhat flattened, slight effect of tilt to the left, pointing in strokes rather than distinct dots.</subfield></datafield><datafield tag="500" ind1=" " ind2=" "><subfield code="a">Layout: Written in 25 lines per page ; frame-ruled.</subfield></datafield><datafield tag="500" ind1=" " ind2=" "><subfield code="a">Collation: III (6) ; a single ternion ; catchwords present ; pagination in pencil, Western numerals, supplied during digitization.</subfield></datafield><datafield tag="500" ind1=" " ind2=" "><subfield code="a">Colophon: "Scribal," triangular, reads "تمت على يد افقر العباد واحوجهم الى المالك الكريم الجواد سليم سبط الشيخ عبد الرحمن الطيبي طيب الله ثراه وجعل الجنة متقلبه ومثواه ورحم والداه وغفر لنا وله ولجميع المسلمين اجمعين والحمد لله رب العالمين تم في غرت رمضان سنه ۱۲٦٢"</subfield></datafield><datafield tag="500" ind1=" " ind2=" "><subfield code="a">Explicit: "قلت يا رسول الله اخبرني باحب الاعمال الى الله عز وجل قال ان تموت ولسانك رطب من ذكر الله عز وجل تمت"</subfield></datafield><datafield tag="500" ind1=" " ind2=" "><subfield code="a">Incipit: "الحمد لله الذي رفع مقدار اهل الحديث وخصهم بحفظ اسانيده في القديم والحديث ... اما بعد فيقول العبد الفقير لمولاه الغني الفتاح اسماعيل العجلوني ابن محمد جراح قد وقفت علي رسالة اظنها البعض المكيين لكني لم اقف علي اسمه ولا علي تسميتها وهي مشتملة على ذكر احاديث من اوائل بعض كتب الحديث ..."</subfield></datafield><datafield tag="500" ind1=" " ind2=" "><subfield code="a">Title from inscription on 'title page' (p.1).</subfield></datafield><datafield tag="500" ind1=" " ind2=" "><subfield code="a">Ms. codex.</subfield></datafield><datafield tag="510" ind1="4" ind2=" "><subfield code="a">İsmail Paşa. Īḍāḥ al-maknūn,</subfield><subfield code="c">1/54</subfield></datafield><datafield tag="520" ind1="8" ind2=" "><subfield code="a">Careful copy of a selection of forty ḥadīth taken by the author from various authoritative compilations. Contribution to the cataloguing (citation, variant title) provided by Hossein Mottaghi.</subfield></datafield><datafield tag="538" ind1=" " ind2=" "><subfield code="a">Mode of access: Internet.</subfield></datafield><datafield tag="541" ind1=" " ind2=" "><subfield code="c">Purchase ;</subfield><subfield code="a">Purchased in Egypt by Mr. Sulaiman ;</subfield><subfield code="d">Received: 9/11/1968 ;</subfield><subfield code="e">(Sulaiman 690713-156)</subfield></datafield><datafield tag="546" ind1=" " ind2=" "><subfield code="a">Arabic.</subfield></datafield><datafield tag="561" ind1=" " ind2=" "><subfield code="a">UM Library inscription on interior of upper cover "General Library 690713-156 al-Ahlīyah 9-11-68" ; on wove paper covering portion of 'title page' (p.1) ownership statement dated 1262 [1846 or 7] in name of the copyist, Salīm al-Ṭībbī [or al-Ṭayyibī] (سليم الطيبي) reads "ملكه سليم الطيبي سنه ۱۲٦٢" ; accompanying colophon at close on p.12, circular seal impression apparently in name of copyist with "الطيبي" visible in the inscription ; transmission / ascription statement in nam of copyist accompanying colophon on p.12 "اروي هذا الكتاب عن جدي عن احمد العطار عن المؤلف وانا الفقير سليم الطيبي" ; numerous notabilia (sideheads).</subfield></datafield><datafield tag="650" ind1=" " ind2="0"><subfield code="a">Manuscripts, Arabic</subfield><subfield code="z">Michigan</subfield><subfield code="z">Ann Arbor.</subfield></datafield><datafield tag="650" ind1=" " ind2="0"><subfield code="a">Hadith</subfield><subfield code="v">Texts</subfield><subfield code="v">Early works to 1800.</subfield></datafield><datafield tag="700" ind1="0" ind2=" "><subfield code="6">880-05</subfield><subfield code="a">Salīm al-Ṭībbī,</subfield><subfield code="d">fl. 1846,</subfield><subfield code="e">scribe,</subfield><subfield code="e">former owner.</subfield></datafield><datafield tag="773" ind1="0" ind2=" "><subfield code="a">Sulaiman Purchase Collection.</subfield></datafield><datafield tag="880" ind1="0" ind2=" "><subfield code="6">700-05/</subfield><subfield code="a">سليم الطيبي,</subfield><subfield code="e">ناسخ,</subfield><subfield code="e">مالك سابق.</subfield></datafield><datafield tag="880" ind1="1" ind2="0"><subfield code="6">245-03/</subfield><subfield code="a">هذه رسالة مشتملة على اربعين حديثا من اربعين كتابا من كتب الحديث من كل كتاب حديث واحد,</subfield><subfield code="f">[1262ه، 1846م].</subfield></datafield><datafield tag="880" ind1="1" ind2="0"><subfield code="6">240-02/</subfield><subfield code="a">عقد الجوهر الثمين في اربعين حديثا من احاديث سيد المرسلين</subfield></datafield><datafield tag="880" ind1="1" ind2=" "><subfield code="6">100-01/</subfield><subfield code="a">عجلوني، اسماعيل بن محمد.</subfield></datafield><datafield tag="CID" ind1=" " ind2=" "><subfield code="a">006834336</subfield></datafield><datafield tag="DAT" ind1="0" ind2=" "><subfield code="a">20190719102641.0</subfield><subfield code="b">20190719000000.0</subfield></datafield><datafield tag="DAT" ind1="1" ind2=" "><subfield code="a">20190719090653.0</subfield><subfield code="b">2019-07-19T16:12:11Z</subfield></datafield><datafield tag="DAT" ind1="2" ind2=" "><subfield code="a">2015-10-02T18:00:03Z</subfield></datafield><datafield tag="CAT" ind1=" " ind2=" "><subfield code="a">SDR-MIU</subfield><subfield code="d">EX LIBRIS - ALEPH</subfield><subfield code="l">prepare.pl-004-008</subfield></datafield><datafield tag="FMT" ind1=" " ind2=" "><subfield code="a">BK</subfield></datafield><datafield tag="HOL" ind1=" " ind2=" "><subfield code="0">sdr-miu006834336</subfield><subfield code="a">MiU</subfield><subfield code="b">SDR</subfield><subfield code="c">MIU</subfield><subfield code="p">mdp.39015079132067</subfield><subfield code="s">MIU</subfield><subfield code="1">006834336</subfield></datafield><datafield tag="974" ind1=" " ind2=" "><subfield code="b">MIU</subfield><subfield code="c">MIU</subfield><subfield code="d">20190719</subfield><subfield code="s">lit-dlps-dc</subfield><subfield code="u">mdp.39015079132067</subfield><subfield code="y">1846</subfield><subfield code="r">pd</subfield><subfield code="q">bib</subfield><subfield code="t">non-US bib date1 &lt; 1879</subfield></datafield></record></collection>